@ARTICLE{2018arXiv180101594Z,
   author = {Zhang, X. and Ji, S. and Wang, T.},
    title = {Differentially Private Releasing via Deep Generative Model},
  journal = {ArXiv e-prints},
archivePrefix = "arXiv",
   eprint = {1801.01594},
 primaryClass = "cs.CR",
 keywords = {Computer Science - Cryptography and Security, Computer Science - Learning},
     year = {2018},
    month = {1},
   adsurl = {http://adsabs.harvard.edu/abs/2018arXiv180101594Z},
  adsnote = {Provided by the SAO/NASA Astrophysics Data System}
}
