@ARTICLE{ref,
   author = {Xinyang Zhang and Shouling Ji and Ting Wang},
    title = {Differentially Private Releasing via Deep Generative Model},
  journal = {ArXiv e-prints},
archivePrefix = {arXiv},
   eprint = {1801.01594},
 primaryClass = {cs.CR},
 keywords = {Computer Science - Cryptography and Security, Computer Science - Learning},
     year = {2018},
    month = {01},
   adsurl = {http://adsabs.harvard.edu/abs/2018arXiv180101594Z},
  adsnote = {Provided by the SAO/NASA Astrophysics Data System}
}

@inproceedings{pinq,
 author = {McSherry, Frank D.},
 title = {Privacy Integrated Queries: An Extensible Platform for Privacy-preserving Data Analysis},
 booktitle = {Proceedings of the 2009 ACM SIGMOD International Conference on Management of Data},
 series = {SIGMOD '09},
 year = {2009},
 isbn = {978-1-60558-551-2},
 location = {Providence, Rhode Island, USA},
 pages = {19--30},
 numpages = {12},
 url = {http://doi.acm.org/10.1145/1559845.1559850},
 doi = {10.1145/1559845.1559850},
 acmid = {1559850},
 publisher = {ACM},
 address = {New York, NY, USA},
 keywords = {anonymization, confidentiality, differential privacy, linq},
}
